<?xml version="1.0" encoding="UTF-8"?><collection xmlns="http://www.loc.gov/MARC21/slim"><record><leader>00466nam--2200133-i-4500</leader><controlfield tag="001">000021138</controlfield><controlfield tag="002">20161230</controlfield><controlfield tag="005">20161230201034</controlfield><controlfield tag="008">060222s1000------------r-----000-0-eng-d</controlfield><datafield ind1=" " ind2=" " tag="080"><subfield code="a">016:539.1</subfield></datafield><datafield ind1=" " ind2=" " tag="245"><subfield code="a">An international bibliography on atomic energy. vol.1: political, economic and social aspects. supplement no.1</subfield></datafield><datafield ind1=" " ind2=" " tag="260"><subfield code="a">New York, United Nations, 1950, V + 22p</subfield></datafield><datafield ind1=" " ind2=" " tag="490"><subfield code="a">Atomic Energy Commision Group Department Of Security Council Affairs</subfield></datafield><datafield ind1=" " ind2=" " tag="852"><subfield code="a">D.1000</subfield></datafield></record></collection>